@article{kejariwal2015,
	author	= "Arun Kejariwal, Sanjeev Kulkarni, Karthik Ramasamy",
	title	= "Real Time Analytics: Algorithms and Systems",
	year	= "2015",
	journal	= "Proceedings of the VLDB"
}
@article{ltc,
	author	= "Tom Schoellhammer and Ben Greenstein and Eric Osterweil and Mike Wimbrow and Deborah Estrin",
	title	= "Lightweight Temporal Compression of Microclimate Datasets",
	year	= "2004",
	journal	= "UCLA"
}
@inproceedings{chained_reservoir_sampling,
  title={Sampling from a moving window over streaming data},
  author={Babcock, Brian and Datar, Mayur and Motwani, Rajeev},
  booktitle={Proceedings of the thirteenth annual ACM-SIAM symposium on Discrete algorithms},
  pages={633--634},
  year={2002},
  organization={Society for Industrial and Applied Mathematics}
}
@inproceedings{cuckoo_filter,
  title={Cuckoo filter: Practically better than bloom},
  author={Fan, Bin and Andersen, Dave G and Kaminsky, Michael and Mitzenmacher, Michael D},
  booktitle={Proceedings of the 10th ACM International on Conference on emerging Networking Experiments and Technologies},
  pages={75--88},
  year={2014},
  organization={ACM}
}
@article{mc-nn,
  title={Scalable real-time classification of data streams with concept drift},
  author={Tennant, Mark and Stahl, Frederic and Rana, Omer and Gomes, Jo{\~a}o B{\'a}rtolo},
  journal={Future Generation Computer Systems},
  volume={75},
  pages={187--199},
  year={2017},
  publisher={Elsevier}
}
@article{reservoir_sampling,
  title={Random sampling with a reservoir},
  author={Vitter, Jeffrey S},
  journal={ACM Transactions on Mathematical Software (TOMS)},
  volume={11},
  number={1},
  pages={37--57},
  year={1985},
  publisher={ACM}
}
@article{bloom,
	author	= "Burton H. Bloom",
	title	= "Space/Time Trade-offs in Hash Coding with Allowable Errors",
	year	= "1970",
	journal	= "Communications of the ACM"
}
@article{fig-sensor-network,
  title={A hybrid algorithm for optimal wireless sensor network deployment with the minimum number of sensor nodes},
  author={El Khamlichi, Yasser and Tahiri, Abderrahim and Abtoy, Anouar and Medina-Bulo, Inmaculada and Palomo-Lozano, Francisco},
  journal={Algorithms},
  volume={10},
  number={3},
  pages={80},
  year={2017},
  publisher={Multidisciplinary Digital Publishing Institute}
}
@article{multi-ltc,
  title={A multi-dimensional extension of the Lightweight Temporal Compression method},
  author={Li, Bo and Sarbishei, Omid and Nourani, Hosein and Glatard, Tristan},
  journal={arXiv preprint arXiv:1811.09930},
  year={2018}
}
@article{kNN,
  title={An introduction to kernel and nearest-neighbor nonparametric regression},
  author={Altman, Naomi S},
  journal={The American Statistician},
  volume={46},
  number={3},
  pages={175--185},
  year={1992},
  publisher={Taylor \& Francis Group}
}
@article{sensor-network-survey,
  title={Wireless sensor networks: a survey},
  author={Akyildiz, Ian F and Su, Weilian and Sankarasubramaniam, Yogesh and Cayirci, Erdal},
  journal={Computer networks},
  volume={38},
  number={4},
  pages={393--422},
  year={2002},
  publisher={Elsevier}
}
@inproceedings{leach,
  title={Energy-efficient communication protocol for wireless microsensor networks},
  author={Heinzelman, Wendi Rabiner and Chandrakasan, Anantha and Balakrishnan, Hari},
  booktitle={System sciences, 2000. Proceedings of the 33rd annual Hawaii international conference on},
  pages={10--pp},
  year={2000},
  organization={IEEE}
}
@inproceedings{sensor-energy-model,
  title={Analysis of energy consumption and lifetime of heterogeneous wireless sensor networks},
  author={Duarte-Melo, Enrique J and Liu, Mingyan},
  booktitle={Global Telecommunications Conference, 2002. GLOBECOM'02. IEEE},
  volume={1},
  pages={21--25},
  year={2002},
  organization={IEEE}
}
@article{sensor-energy-consumption,
  title={Maximum battery life routing to support ubiquitous mobile computing in wireless ad hoc networks},
  author={Toh, Chai-Keong and others},
  journal={IEEE communications Magazine},
  volume={39},
  number={6},
  pages={138--147},
  year={2001}
}
@article{IoT-platform,
  title={IoT platforms: enabling the Internet of Things},
  author={Lucero, Sam and others},
  journal={White paper},
  year={2016}
}
